<?xml version="1.0" encoding="UTF-8"?><record xmlns="http://www.loc.gov/MARC21/slim" xmlns:cinclude="http://apache.org/cocoon/include/1.0" xmlns:zs="http://www.loc.gov/zing/srw/">
  <leader>00520nz  a2200133n  4500</leader>
  <controlfield tag="001">n 2007202740</controlfield>
  <controlfield tag="003">DLC</controlfield>
  <controlfield tag="005">20070613075149.0</controlfield>
  <controlfield tag="008">070612n| acannaabn          |n aaa      </controlfield>
  <datafield tag="010" ind1=" " ind2=" ">
    <subfield code="a">n 2007202740</subfield>
  </datafield>
  <datafield tag="040" ind1=" " ind2=" ">
    <subfield code="a">DLC</subfield>
    <subfield code="b">eng</subfield>
    <subfield code="c">DLC</subfield>
  </datafield>
  <datafield tag="100" ind1="1" ind2=" ">
    <subfield code="a">Lebang, Tomi,</subfield>
    <subfield code="d">1972-</subfield>
  </datafield>
  <datafield tag="670" ind1=" " ind2=" ">
    <subfield code="a">Berbekal seribu akal pemerintahan dengan logika, 2006:</subfield>
    <subfield code="b">t.p. (Tomi Lebang) p. 293 (b. 1972 in Mambi, Sulawesi Barat; grad. Jur. Teknik Mesin, Univ. Hasanuddin, 1998)</subfield>
  </datafield>
  <datafield tag="670" ind1=" " ind2=" ">
    <subfield code="a">OCLC database, Mar. 29, 2007</subfield>
    <subfield code="b">(NLGGC hdg.: Lebang, Tomi; usage: Tomi Lebang)</subfield>
  </datafield>
</record>